@INPROCEEDINGS{GrinUB,
  author={Suyash {Bagad} and Saravanan {Vijayakumaran}},
  booktitle={Crypto Valley Conference on Blockchain Technology (CVCBT)}, 
  title={On the Confidentiality of Amounts in Grin}, 
  year={2020},
  volume={},
  number={},
  pages={},
}

@INPROCEEDINGS{RevelioBP,
  author={Suyash {Bagad} and Saravanan {Vijayakumaran}},
  booktitle={IEEE European Symposium on Security and Privacy Workshops (EuroS PW)}, 
  title={Performance Trade-offs in Design of MimbleWimble Proofs of Reserves}, 
  year={2020},
  volume={},
  number={},
  pages={},
}